
@book{duffy2016advanced,
  title={Advanced Engineering Mathematics with MATLAB},
  author={Duffy, D.G.},
  isbn={9781498739665},
  series={Advances in Applied Mathematics},
  url={https://books.google.co.uk/books?id=AdIBDgAAQBAJ},
  year={2016},
  publisher={CRC Press}
}

